%=============================================================================
%   Bib source file
%   Reporte de pentominos
%   Servicio social - Laura Natalia Borbolla Palacios
%=============================================================================


@misc{rit-people,
  title   = {Pentominoes - Introduction},
  url     = {https://people.rit.edu/mecsma/Professional/Puzzles/Pentominoes/P-Intro.html},
  journal = {Rochester Institute of Technology - People},
  author  = {Coppenbarger, Matthew E.},
  year    = {2019}
}

@misc{life-wiki,
  title   = {Polyomino},
  url     = {http://www.conwaylife.com/wiki/Polyomino},
  journal = {Life Wiki},
  year    = {2019}
}

@inbook{language-and-automata-journal,
  title     = {Language and Automata Theory and Applications},
  volume    = {8370},
  ISBN      = {9783319049205},
  url       = {https://books.google.com.mx/books?id=dBW6BQAAQBAJ&printsec=frontcover#v=onepage&q&f=false},
  title     = {Lecture Notes on Computer Science Theoretical Computer Science and General Issues},
  publisher = {Springer},
  year      = {2014},
  month     ={Mar}
}

â€Œ
